<record><leader>00000cas a2200000 a 4500</leader><controlfield tag="001">12564711</controlfield><controlfield tag="008">850917d18981898ksuwr ne      0    0eng d</controlfield><datafield ind1=" " ind2=" " tag="010"><subfield code="a">sn 85029781 </subfield></datafield><datafield ind1=" " ind2=" " tag="040"><subfield code="a">KSH</subfield><subfield code="b">eng</subfield><subfield code="c">KSH</subfield><subfield code="d">NPT</subfield><subfield code="d">OCL</subfield><subfield code="d">OCLCQ</subfield></datafield><datafield ind1=" " ind2=" " tag="042"><subfield code="a">msc</subfield></datafield><datafield ind1="0" ind2="4" tag="245"><subfield code="a">The Russell record and journal.</subfield></datafield><datafield ind1="1" ind2="3" tag="246"><subfield code="a">Record and journal</subfield><subfield code="f">Aug. 13-20, 1898</subfield></datafield><datafield ind1=" " ind2=" " tag="260"><subfield code="a">Russell, Kan. :</subfield><subfield code="b">Arthur C. Jones,</subfield><subfield code="c">1898.</subfield></datafield><datafield ind1=" " ind2=" " tag="300"><subfield code="a">1 v. ;</subfield><subfield code="c">53 cm.</subfield></datafield><datafield ind1=" " ind2=" " tag="310"><subfield code="a">Weekly</subfield></datafield><datafield ind1="0" ind2=" " tag="362"><subfield code="a">Vol. 26, no. 33 (Aug. 6, 1898)-v. 26, no. 35 (Aug. 20, 1898).</subfield></datafield><datafield ind1=" " ind2=" " tag="752"><subfield code="a">United States</subfield><subfield code="b">Kansas</subfield><subfield code="c">Russell</subfield><subfield code="d">Russell.</subfield></datafield><datafield ind1="0" ind2="4" tag="780"><subfield code="t">Russell record (Russell, Kan. : 1883)</subfield><subfield code="w">(DLC)sn 85029780</subfield></datafield><datafield ind1="0" ind2="4" tag="780"><subfield code="t">Journal (Russell, Kan.)</subfield><subfield code="w">(DLC)sn 85029785</subfield></datafield><datafield ind1="0" ind2="0" tag="785"><subfield code="t">Record (Russell, Kan.)</subfield><subfield code="w">(DLC)sn 85029782</subfield></datafield><datafield ind1="1" ind2=" " tag="029"><subfield code="a">AU@</subfield><subfield code="b">000022172381</subfield></datafield></record>